@article{bor2016lora,
  title={LoRa for the Internet of Things},
  author={Bor, Martin and Vidler, John Edward and Roedig, Utz},
  year={2016},
  publisher={Junction Publishing}
}